@misc{OpenCV,
  author       = {OpenCV},
  title        = {OpenCV - About},
  year         = {21.04.2022},
  howpublished = {\url{https://opencv.org/about/}}
}

@misc{Gitlab,
  author       = {Gaube},
  title        = {Camera Calibration},
  year         = {07.06.2022},
  howpublished = {\url{https://gitlab.com/gaubeleo/camera-calibration}}
}
